01REMESSA01COBRANCA       cleancoat           Cleancoat Chemical Ltda       707BANCO DAYCOVAL 150921                                                                                                                                                                                                                                                                                                      000001
10217430900000171cleancoat           123                      00000001                                     301000000000120092100000000100.57070000012N16092100000000000000003      0000000000000000000000000000000000000000100012345678900FULADO DA SILVA SAURO                   Rua Augusto Corrêa, LABES               Guamá       66075110BELÉM          PA                                        001000001
10217430900000171cleancoat           123                      00000002                                     301000000000120092100000000100.57070000012N16092100000000000000003      0000000000000000000000000000000000000000100012345678900FULADO DA SILVA SAURO                   Rua Augusto Corrêa, LABES               Guamá       66075110BELÉM          PA                                        001000002
10217430900000171cleancoat           123                      00000003                                     301000000000120092100000000100.57070000012N16092100000000000000003      0000000000000000000000000000000000000000100012345678900FULADO DA SILVA SAURO                   Rua Augusto Corrêa, LABES               Guamá       66075110BELÉM          PA                                        001000003
10217430900000171cleancoat           123                      00000004                                     301000000000120092100000000100.57070000012N16092100000000000000003      0000000000000000000000000000000000000000100012345678900FULADO DA SILVA SAURO                   Rua Augusto Corrêa, LABES               Guamá       66075110BELÉM          PA                                        001000004
10217430900000171cleancoat           123                      00000005                                     301000000000120092100000000100.57070000012N16092100000000000000003      0000000000000000000000000000000000000000100012345678900FULADO DA SILVA SAURO                   Rua Augusto Corrêa, LABES               Guamá       66075110BELÉM          PA                                        001000005
9                                                                                                                                                                                                                                                                                                                                                                                                         000006
