01REMESSA01COBRANCAcleancoat           Cleancoat Chemical Ltda       707BANCO DAYCOVAL 150921                                                                                                                                                                                                                                                                                                      000001
10206313870000441                                             00000001                                     000000000019011800000000000017071623212N17011800000000000000003      0000000000000000000000000000000000000000100012345678900FULADO DA SILVA SAURO                   Rua Augusto Corrêa, LABES               Guamá       66075110BELÉM          PA                                        000000001
10206313870000441                                             00000002                                     000000000019011800000000000017071623212N17011800000000000000003      0000000000000000000000000000000000000000100012345678900FULADO DA SILVA SAURO                   Rua Augusto Corrêa, LABES               Guamá       66075110BELÉM          PA                                        000000002
10206313870000441                                             00000003                                     000000000019011800000000000017071623212N17011800000000000000003      0000000000000000000000000000000000000000100012345678900FULADO DA SILVA SAURO                   Rua Augusto Corrêa, LABES               Guamá       66075110BELÉM          PA                                        000000003
10206313870000441                                             00000004                                     000000000019011800000000000017071623212N17011800000000000000003      0000000000000000000000000000000000000000100012345678900FULADO DA SILVA SAURO                   Rua Augusto Corrêa, LABES               Guamá       66075110BELÉM          PA                                        000000004
10206313870000441                                             00000005                                     000000000019011800000000000017071623212N17011800000000000000003      0000000000000000000000000000000000000000100012345678900FULADO DA SILVA SAURO                   Rua Augusto Corrêa, LABES               Guamá       66075110BELÉM          PA                                        000000005
9                                                                                                                                                                                                                                                                                                                                                                                                         000006
